2707 3229
1110 136 1668 211 *uu-2*-

222 280 357 327 cuius
406 275 589 323 etiamsi
637 290 813 337 corpus
858 274 1229 336 constringatur,
1247 301 1256 303 ·>
1275 276 1437 325 animo
1484 280 1646 321 tamen
1691 274 1885 325 vincula
1926 273 2068 324 iniici*
2106 278 2253 326 nulls-
2281 276 2466 343 possint
2489 280 2558 335 ης

223 360 372 405 Hunc
402 357 568 417 igitur,
607 356 690 418 qui
734 371 824 402 nec
857 356 1005 412 ferro,
1039 371 1130 403 nec
1156 356 1296 403 armis
1314 357 1472 413 cedit,
1502 362 1678 417 suapte
1701 363 1932 421 potestate
1963 355 2222 416 animum,
2234 360 2312 407 cui
2347 361 2561 425 insum-

220 457 301 487 ma
338 454 498 486 rerum
534 437 815 483 constitutus
853 444 979 482 tanta
1018 436 1271 498 indulgere
1302 446 1513 502 poterat,
1544 437 1761 496 vincere,
1796 436 1986 485 divinae
2021 437 2199 486 indolis
2232 447 2315 491 est.

350 530 574 592 Superest
610 542 797 575 comma
828 527 1190 575 intermedium.
1219 553 1275 564 -
1307 528 1400 579 Sed
1434 525 1574 574 etiam
1611 524 1902 589 amplificare
1942 526 2047 573 eius
2081 526 2329 589 pristinam
2357 527 2563 589 dig-nw-

224 622 320 666 tem
353 643 408 655 -
443 612 572 677 quod
607 609 844 658 Wolfium
878 610 1084 659 offendit.
1149 611 1404 676 Subiungit
1435 607 1533 655 illi.
1566 607 1659 654 hoc
1694 608 1937 654 dumtaxat
1968 606 2331 670 amplificandae
2359 610 2561 674 periodo

226 697 452 749 inservit3
485 694 665 756 quippe
700 695 821 739 nihil
855 695 1028 754 legitur
1063 697 1090 739 a
1130 695 1343 751 Caesare
1376 698 1565 750 sactum,
1596 691 1840 752 attolleqdi
1873 691 2088 737 Marcelli
2125 707 2274 737 causa.
2340 695 2565 748 Attamen

227 787 345 842 quot
379 784 426 824 et
463 782 638 837 quanta
678 790 778 821 non
820 774 1070 835 leguntur!
1120 775 1234 822 inde
1265 775 1347 835 illa
1382 761 1578 823 felicitas
1616 773 1918 836 negantium,
1960 772 2044 834 qui
2072 787 2137 820 eo
2179 772 2345 820 fortius
2383 781 2564 834 urgent,

226 868 406 923 quanto
443 857 668 905 certiores
702 864 838 911 sunt,
887 871 988 901 non
1023 863 1202 904 exstare
1239 866 1606 906 monumentum
1644 859 1867 920 alterum,
1911 856 2067 913 unde,
2101 871 2223 917 quae
2261 857 2311 904 in
2350 872 2449 903 uno
2476 872 2567 905 ne·

227 950 363 1003 gant,
395 937 677 988 confirmare
711 937 936 999 possibile
973 937 1045 982 sit.
1123 938 1277 985 Fuere
1313 945 1497 1001 plures,
1544 938 1814 1003 quid'illud
1853 941 1880 985 a
1913 938 2112 986 Caesare
2151 946 2262 989 sunt
2296 925 2565 1001 consecuti,

229 1023 349 1086 quin
386 1021 611 1073 sciamus,
647 1019 782 1078 queis
820 1019 947 1064 aucti
985 1018 1163 1065 fuerint
1197 1021 1502 1082 dignitatibus
1546 1029 1628 1066 aut
1670 1021 1935 1069 honoribus
1959 1021 2041 1071 ⁴⁴⁸).
2121 1021 2367 1066 Habemus
2412 1034 2569 1068 exem·

228 1108 363 1167 plum
400 1102 450 1147 in
480 1099 746 1146 Trebiano:
784 1114 894 1145 eum
930 1099 1100 1146 Cicero
1137 1103 1341 1157 solatur,
1374 1103 1507 1161 quod
1539 1101 1742 1157 tardius,
1774 1117 1918 1161 quam
1951 1105 2159 1162 aequum
2195 1111 2288 1165 est,
2323 1110 2569 1164 recuperet

230 1185 470 1231 fortunam
507 1187 556 1227 et
586 1180 862 1252 dignitatem
900 1196 1066 1235 suam3
1095 1179 1147 1225 in
1183 1185 1413 1241 seque‘nte
1448 1183 1649 1244 epistola
1684 1181 1841 1229 eidem
1874 1181 1936 1228 de
1969 1181 2267 1229 restitutione
2271 1186 2569 1259 gratulatur,

230 1266 483 1325 additque.
517 1260 650 1307 v'ives
680 1278 789 1307 cum
821 1260 932 1316 tuis,
967 1262 1100 1306 vives
1131 1260 1414 1317 nobiscum;
1451 1264 1558 1322 plus
1586 1262 1876 1339 acquisivisti
1907 1263 2167 1322 dignitatis,
2201 1280 2344 1325 quam
2371 1265 2567 1313 amisisti

231 1347 303 1395 rei
351 1342 591 1395 familiaris
614 1342 728 1397 ⁴⁹).
806 1341 958 1387 Simili
1006 1337 1150 1387 modo
1197 1328 1424 1389 Marcello
1475 1340 1656 1403 aliquid
1699 1357 1798 1387 non
1846 1330 2079 1401 vulgare
2082 1356 2358 1389 concessum
2404 1343 2569 1402 fuisse,

234 1427 432 1481 etiamsi,
473 1424 591 1486 quid
624 1423 779 1478 fuerit,
815 1423 1116 1482 ignoremus,
1143 1423 1342 1469 aliunde
1377 1432 1519 1485 patet.
1584 1423 1752 1470 Scribit
1785 1424 1953 1470 Cicero
1987 1425 2048 1468 ad
2078 1423 2354 1470 Caecinam·
2384 1426 2442 1473 In
2472 1441 2569 1487 quo

185 1548 190 1553 ,
236 1507 460 1557 admirari
493 1509 627 1552 soleo
664 1506 962 1564 gravitatem,
1013 1513 1059 1550 et
1095 1505 1340 1563 iustitiam,
1375 1514 1421 1551 et
1454 1503 1730 1566 sapientiam
1768 1503 2005 1562 Caesaris;
2049 1522 2322 1567 nunquam,
2365 1507 2457 1553 nisi
2488 1508 2572 1552 ho-

195 1600 208 1608 ‘
235 1587 671 1643 notificentissime‚
719 1586 1002 1647 Pompeium
1046 1588 1264 1647 appellat.
1348 1587 1411 1632 At
1452 1586 1503 1632 in
1548 1587 1650 1632 eius
1700 1602 1952 1647 personam
1996 1589 2141 1631 multa
2188 1588 2299 1635 fecit
2347 1587 2571 1650 asperius.

238 1674 496 1721 Armorum
542 1670 650 1723 ista,
689 1677 742 1713 ‘et
776 1667 1001 1714 victoriae
1039 1674 1150 1713 sunt
1184 1668 1323 1724 facta,
1363 1661 1466 1716 non
1515 1668 1736 1714 Caesaris.
1817 1669 1883 1714 At
1925 1684 2014 1715 nos
2053 1671 2471 1730 quemadmodum,
2504 1680 2574 1719 est

237 1748 548 1813 complexus?
613 1747 829 1793 Cassium
856 1745 966 1792 .sibi
1003 1748 1199 1806 legavit,
1250 1748 1453 1794 Brutum
1497 1750 1677 1796 Galliae
1720 1750 1966 1811 praefecit,
2010 1751 2273 1812 Sulpicium
2317 1753 2570 1808 Graeciae:

244 1834 545 1888 Marcellum,
579 1830 657 1878 cui
687 1829 893 1877 maxime
924 1829 1250 1885 succensebat,
1287 1846 1396 1877 cum
1424 1846 1613 1879 summa
1646 1831 1780 1877 illius
1816 1831 2054 1900 dignitate
2089 1832 2287 1880 restituit
2309 1834 2371 1890 †).
2436 1834 2574 1896 Quid

241 1931 357 1977 ergo
401 1911 533 1975 egit?
599 1914 677 1958 An
716 1911 1001 1961 Marcellum
1041 1913 1286 1959 consulem
1330 1912 1473 1959 fecit?
1537 1915 1671 1960 Haec
1705 1929 1891 1961 summa
1927 1918 2029 1960 eius
2065 1926 2161 1961 erat
2200 1915 2413 1976 dignitas⁴
2480 1918 2574 1964 Sed

241 2001 500 2051 Marcellus
536 1997 659 2043 obiit
691 2005 799 2042 ante
837 1996 1070 2051 reditum;
1116 1995 1324 2058 ideoque
1363 1996 1479 2059 quid
1514 1995 1705 2052 fecerit,
1758 1997 1937 2058 quidve
1976 1997 2181 2046 facturus
2216 1986 2359 2047 fuerit
2391 1995 2576 2060 Caesar,

243 2085 296 2133 in
333 2083 538 2129 obscuro
570 2087 756 2135 manet,
802 2095 937 2133 cum,
971 2079 1104 2139 quod
1142 2078 1233 2128 sibi
1266 2066 1517 2142 proposuit
1551 2079 1747 2136 animo,
1770 2080 1944 2141 exequi
1981 2096 2081 2125 non
2111 2082 2330 2142 potuerit.
2393 2082 2577 2131 Verum

246 2173 294 2214 et
328 2163 420 2210 alia
456 2168 610 2217 erant,
646 2175 768 2221 quae
797 2160 857 2204 ad
892 2159 1170 2217 dignitatem
1200 2161 1926 2226 auctoritatemquesenatorum
1959 2160 2257 2223 spectabant:
2290 2166 2442 2222 velut,
2476 2182 2576 2227 quo

244 2249 358 2295 loco
397 2244 449 2290 in
486 2249 652 2288 senatu
689 2239 794 2301 quis
826 2238 1102 2285 sententiam
1137 2237 1391 2297 rogaretur.
1454 2242 1509 2304 Sip
1539 2239 1663 2290 inter
1697 2245 1996 2300 consulares,
2029 2245 2089 2290 de
2125 2259 2222 2305 quo
2255 2244 2462 2292 dubitari
2496 2246 2579 2296 vix

246 2335 430 2393 potest,
462 2326 624 2370 locum
668 2320 923 2387 obtineret,
955 2319 1083 2364 haud
1121 2336 1285 2380 parum
1313 2321 1560 2382 dignitatis
1598 2324 1669 2370 illi
1705 2324 1911 2386 accessit.
1977 2324 2207 2372 Veterum
2245 2325 2373 2387 enim
2411 2323 2581 2373 consu-

251 2408 424 2457 larium
474 2403 593 2449 alios
652 2401 798 2447 satum
847 2401 1078 2462 abripuit,
1129 2402 1243 2447 alios
1292 2395 1494 2452 detinuit
1543 2404 1772 2469 exilium3
1825 2398 2059 2467 quosdam
2105 2404 2276 2457 Caesar
2320 2407 2578 2469 provinciis

355 2602 403 2655 ⁸⁸)
433 2603 479 2642 L.
506 2601 570 2639 111
612 2611 705 2651 cap.
735 2597 817 2638 ult.

359 2685 427 2732 *ἣ
458 2682 664 2723 Plutarch
706 2681 752 2720 in
784 2683 900 2722 Caes.
929 2693 966 2719 c.
988 2680 1049 2729 57.
1078 2683 1119 2718 et
1144 2681 1321 2722 Sueton.
1350 2681 1398 2723 in
1428 2684 1548 2724 Caes·
1575 2683 1698 2733 c.>75.

357 2769 445 2819 W)
473 2766 600 2819 Epist>
635 2767 691 2804 ad
719 2765 863 2804 divers
905 2768 950 2804 L.
973 2766 1042 2804 vl.
1074 2767 1147 2817 Ep,
1176 2780 1237 2807 ιο.
1264 2779 1304 2808 et
1335 2782 1393 2808 u.

363 2852 418 2906 ᾗ)
447 2850 580 2905 Epist,
607 2849 665 2888 ad
693 2847 785 2889 div.
811 2850 859 2894 L.
886 2851 956 2892 4¹1.
984 2851 1059 2901 Ep.
1082 2850 1121 2889 6.
