2707 3229
1113 113 1662 164 *js-...-
2502 121 2657 179 2*⁸

218 262 319 294 non
356 245 556 308 perinde
593 260 786 293 sensum
826 244 1131 293 humanitatis
1170 251 1300 306 grate
1344 243 1559 303 adficiat,
1606 260 1663 294 ac
1700 230 1898 309 insignis
1941 249 2319 301 mansuetudinis
2367 257 2417 301 et
2459 252 2552 301 ele·
2621 238 2628 245 ⁶

219 329 425 378 mentite
459 332 690 391 exempla.
754 327 911 388 Pergit
942 341 1137 376 censen-2
1172 327 1458 391 imperator,
1492 330 1739 377 nullamne
1770 330 2070 391 occasionem
2102 333 2249 384 babet
2279 336 2555 396 clementer,

220 418 488 469 mansuete,
521 412 662 467 iuste,
702 410 942 457 moderate
980 407 1185 470 agendi?
1248 408 1421 472 Neque
1466 412 1561 458 hoc
1595 411 1777 459 auctori
1817 420 1979 460 nostro
2022 428 2197 476 negare
2241 429 2454 479 unquam
2498 413 2552 462 in

219 503 429 543 mentem
468 494 616 543 venit.
696 492 939 554 Disiungit
983 492 1179 542 bellicas
1223 493 1389 542 laudes
1431 514 1459 544 a
1494 496 1659 543 ceteris
1706 496 1992 567 virtutibus,
2042 506 2090 546 et
2127 500 2298 546 merito
2332 497 2550 562 quiden-

218 581 269 629 Si
300 582 406 644 quis
440 580 761 630 auctoritatem
794 580 875 628 vel
910 581 1185 643 exemplum
1219 588 1403 643 poscat,
1428 577 1640 627 exhibeo
1672 565 1941 628 Isocratem.
2003 579 2312 646 Manifestum
2343 589 2435 640 est,
2465 582 2552 639 ait,

195 664 475 727 [praestanti
504 663 564 710 ad
593 661 721 710 bella
751 662 957 724 gerenda
988 662 1151 709 animo
1184 661 1284 709 dari
1315 663 1512 739 multos,
1546 652 1823 723 ceteroquin
1852 658 2107 724 flagitiosos
2144 664 2390 738 hominesg
2423 680 2554 711 man-

218 745 523 793 suetudinem
566 758 684 793 vero
723 753 773 791 et
812 743 1149 792 benefaciendi
1193 745 1242 792 in
1286 733 1453 792 omnes
1491 733 1811 803 voluntatem,
1856 745 2011 791 solum
2053 734 2241 795 insitam
2280 760 2382 793 esse
2424 743 2551 793 bene

219 827 368 886 natis,
402 834 449 875 et
481 826 586 874 altis
625 834 767 889 atque
798 826 1031 884 educatis,
1066 835 1111 874 et
1147 825 1493 888 necquicquam
1529 844 1638 875 cum
1678 826 1910 889 improbis
1948 844 2050 875 esse
2087 843 2395 883 communem
2417 829 2485 883 ⁴⁵).

348 907 641 955 Adiiciamus
689 909 849 955 locum
889 907 1183 966 Diododori,
1226 906 1333 970 qui,
1375 907 1417 956 si
1447 907 1689 956 Ciceronis
1730 899 1960 957 sententia
1998 907 2312 972 explicatione
2353 898 2551 973 indiget,

218 992 279 1038 ad
324 999 429 1038 e‘am
466 976 789 1037 illustrandam
831 989 882 1037 in
923 989 1086 1052 paucis
1130 998 1198 1037 est
1234 989 1515 1052 aptissimus.
1588 992 1901 1053 Posteaquam
1935 991 2196 1039 Alexandri
2236 990 2458 1055 pietatem
2499 990 2552 1039 in

219 1088 421 1133 uxorem
455 1068 673 1132 filiasque
703 1070 837 1118 Darii
873 1079 919 1117 et
948 1073 1201 1132 parvulum
1238 1069 1392 1118 filium
1426 1072 1836 1130 commemoravit,
1872 1070 2199 1136 prosequitur·
2232 1087 2324 1136 ego
2356 1073 2552 1136 quidem

220 1160 345 1205 inter
389 1159 537 1203 multa
586 1156 845 1218 Alexandri
893 1157 1128 1217 praeclare
1170 1164 1297 1218 gesta
1340 1157 1530 1205 nullum
1573 1162 1750 1202 exstare
1797 1154 1948 1201 maius
1994 1151 2219 1218 arbitror,
2265 1150 2553 1218 digniusque

217 1238 441 1286 historiae
478 1244 793 1284 monumento
833 1237 1113 1282 conservari.
1195 1237 1402 1282 Urbium
1442 1237 1571 1282 enim
1608 1236 2006 1298 expugnationes,
2043 1237 2250 1284 secunda
2289 1222 2463 1300 praelia
2505 1244 2553 1284 et

220 1320 441 1385 prosperi
479 1319 720 1368 bellorum
765 1327 986 1375 eventus,
1035 1327 1088 1365 ut
1129 1319 1386 1381 plurimum
1429 1317 1645 1364 fortunae
1682 1317 1870 1380 potius,
1919 1334 2061 1380 quam
2100 1318 2263 1365 virtuti
2304 1319 2550 1366 debentur.

219 1404 285 1451 At
326 1402 697 1449 misericordiam
742 1401 793 1447 in
845 1417 1030 1446 summa
1079 1408 1307 1463 potestate
1354 1399 1551 1448 devictis
1598 1407 1646 1447 et
1689 1399 1872 1447 miseris
1919 1399 2178 1464 impertiri,
2225 1400 2319 1449 hoc
2354 1392 2550 1449 demum

218 1484 501 1549 prudentiae
536 1483 628 1531 soli
664 1490 909 1545 acceptum
954 1491 1025 1530 est
1059 1484 1362 1531 referendum
1386 1482 1477 1540 ⁴³¹).

346 1568 483 1615 Haec
526 1574 572 1614 et
613 1583 714 1613 non
751 1565 841 1638 alia
880 1581 1015 1612 mens
1056 1573 1125 1612 est
1160 1565 1322 1611 Tullii.
1393 1563 1609 1625 Seiungit
1645 1563 1844 1625 gloriam
1885 1565 1936 1612 in
1977 1565 2108 1612 bello
2144 1572 2330 1628 partam
2371 1565 2430 1611 ab
2470 1539 2547 1622 ea,

218 1668 365 1713 quam
412 1649 562 1705 bene,
606 1633 869 1703 mansuete,
930 1642 1051 1692 iuste
1091 1648 1278 1705 agendo
1321 1662 1683 1707 comparamus.
1722 1655 1906 1695 constat
1954 1648 2095 1695 rebus
2142 1647 2194 1692 in
2235 1647 2366 1693 bello
2407 1646 2549 1707 gestis

218 1751 304 1782 sua
337 1736 441 1780 laus'
460 1750 473 1791 ;
516 1730 697 1778 habent
727 1737 912 1786 tamen,
944 1728 1077 1791 quod
1115 1744 1203 1777 nos
1240 1728 1445 1776 ferociae
1481 1728 1760 1776 admoneat:
1794 1737 1840 1775 at
1876 1745 1988 1776 vero
2019 1728 2114 1791 pie,
2156 1735 2400 1776 mansuete
2433 1735 2549 1787 acta,

218 1815 498 1881 praesertim
537 1814 589 1863 in
627 1806 696 1862 ira
736 1820 785 1861 et
820 1811 1029 1861 elatione
1064 1808 1317 1870 victoriae,
1350 1811 1468 1860 mira
1501 1814 1746 1875 voluptate
1775 1812 2005 1861 adficiunt
2044 1827 2233 1869 omnes,
2264 1821 2311 1859 et
2340 1813 2550 1860 beneva-

217 1900 414 1949 lentiam
445 1905 650 1946 nostram
682 1902 946 1962 provocant
977 1894 1027 1944 in
1056 1911 1159 1955 eos,
1193 1912 1312 1960 quos
1345 1910 1448 1945 non
1476 1893 1706 1955 vidimus,
1739 1904 1784 1944 et
1810 1896 1894 1960 qui
1923 1897 2116 1945 sortasse
2149 1911 2252 1944 non
2283 1894 2549 1955 extiterunt,

220 1985 313 2033 nisi
350 1984 402 2031 in
434 1980 724 2031 carminibus
758 1984 1020 2043 poetarum.

343 2068 499 2113 Prona
543 2065 636 2111 iam
672 2069 771 2111 erat
807 2061 1021 2108 transitio
1055 2063 1116 2107 ad
1154 2076 1230 2120 ea,
1269 2076 1391 2124 quae
1426 2077 1584 2110 coram
1619 2070 1665 2111 et
1701 2062 1963 2126 praesentia
2003 2062 2264 2123 intuemur,
2303 2078 2332 2110 a
2371 2060 2546 2124 quibus
2588 2093 2595 2099 -

221 2149 427 2214 proinde
460 2146 644 2194 facilius
676 2143 1001 2208 percellimur,
1034 2151 1081 2191 et
1107 2142 1340 2192 efficacius
1372 2159 1740 2194 commovemur.
1804 2144 1948 2193 Nulla
1977 2124 2550 2209 potest‘cogitariiustior

220 2230 462 2288 transitio,
504 2243 595 2278 nec
623 2227 780 2290 aptior
816 2227 877 2273 ad
913 2227 1270 2290 provehendam
1302 2226 1580 2275 orationem.
1659 2229 1808 2276 Hunc
1841 2228 1936 2281 iam
1971 2227 2121 2275 animi
2154 2234 2364 2283 motum,
2403 2239 2549 2286 quem

221 2311 373 2362 oculis
405 2309 617 2365 subiecta
649 2305 873 2355 fidelibus
908 2306 1136 2366 excitant,
1182 2324 1283 2357 non
1317 2310 1552 2374 explicare
1584 2314 1845 2360 multorum
1881 2309 2142 2361 verborum
2176 2309 2427 2371 adparatu,
2467 2314 2551 2356 aut

218 2394 472 2457 splendide
508 2390 770 2453 depingere
798 2388 1076 2447 connititur,
1107 2391 1194 2437 sed
1224 2392 1540 2442 concitatione
1571 2393 1796 2443 orationis
1824 2374 2040 2457 assequi3
2071 2377 2441 2462 interrogando}
2472 2405 2550 2438 ex·

220 2475 483 2533 clamando,
514 2488 649 2520 more
674 2470 944 2528 hominum,
979 2472 1064 2533 qui
1090 2472 1248 2520 subito
1276 2476 1500 2539 adspectu
1536 2476 1614 2539 rei,
1633 2483 1793 2538 gratae
1819 2474 1870 2524 in
1899 2473 2259 2538 admirationem
2291 2472 2549 2537 rapiuntur.

216 2558 289 2607 Te
320 2572 439 2608 vero
468 2582 484 2592 -
517 2582 536 2592 -
566 2581 583 2592 ·
615 2579 634 2593 -
665 2553 841 2618 quibus
874 2553 1099 2601 laudibus
1142 2539 1412 2606 efferemusl
1455 2557 1629 2621 quibus
1659 2556 1825 2608 studiis
1858 2552 2234 2621 prosequemur!
2277 2552 2547 2619 quabene·

324 2746 368 2796 ¹²)
395 2741 702 2787 Panathenaic.
737 2755 781 2795 p.
812 2742 901 2781 652.
953 2741 1079 2783 Basil-
1110 2743 1223 2796 1687.

323 2839 394 2891 ee)
420 2837 630 2884 Biblioth-
656 2836 758 2884 hist.
784 2838 832 2878 1..
855 2838 989 2883 xvlr.
1016 2852 1052 2886 e.
1080 2840 1144 2882 ³8.
